<record><leader>02178cam a2200373 i 4500</leader><controlfield tag="001">6712237</controlfield><controlfield tag="003">FlBoTFG</controlfield><controlfield tag="005">20141020104123.0</controlfield><controlfield tag="006">m    |o  d |      </controlfield><controlfield tag="007">cr |||</controlfield><controlfield tag="008">141020t20152015fluad   ob    001 0 eng d</controlfield><datafield ind1=" " ind2=" " tag="020"><subfield code="a">9789814411974 (e-book : PDF)</subfield></datafield><datafield ind1=" " ind2=" " tag="035"><subfield code="a">ocn893977458</subfield></datafield><datafield ind1=" " ind2=" " tag="039"><subfield code="a">exclude</subfield></datafield><datafield ind1=" " ind2=" " tag="040"><subfield code="a">FlBoTFG</subfield><subfield code="b">eng</subfield><subfield code="c">FlBoTFG</subfield><subfield code="e">rda</subfield><subfield code="d">AEU</subfield></datafield><datafield ind1=" " ind2="4" tag="050"><subfield code="a">TA418.9.N35</subfield><subfield code="b">M34 2015</subfield></datafield><datafield ind1=" " ind2=" " tag="090"><subfield code="a">Internet Access</subfield><subfield code="b">AEU</subfield></datafield><datafield ind1="0" ind2="0" tag="245"><subfield code="a">Magnetic nanoparticle assemblies /</subfield><subfield code="c">edited by Kalliopi N. Trohidou.</subfield></datafield><datafield ind1=" " ind2="1" tag="264"><subfield code="a">Boca Raton :</subfield><subfield code="b">CRC Press,</subfield><subfield code="c">[2015]</subfield></datafield><datafield ind1=" " ind2="4" tag="264"><subfield code="c">&#169;2015</subfield></datafield><datafield ind1=" " ind2=" " tag="300"><subfield code="a">1 online resource.</subfield></datafield><datafield ind1=" " ind2=" " tag="336"><subfield code="a">text</subfield><subfield code="2">rdacontent</subfield></datafield><datafield ind1=" " ind2=" " tag="337"><subfield code="a">computer</subfield><subfield code="2">rdamedia</subfield></datafield><datafield ind1=" " ind2=" " tag="338"><subfield code="a">online resource</subfield><subfield code="2">rdacarrier</subfield></datafield><datafield ind1=" " ind2=" " tag="504"><subfield code="a">Includes bibliographical references and index.</subfield></datafield><datafield ind1="0" ind2=" " tag="505"><subfield code="a">Biogenic and biomimetic magnetic nanoparticles and their assemblies / Georgia C. Papaefthymiou -- Controlling the structure and properties of nanostructured magnetic materials produced by depositing gas-phase nanoparticles / Chris Binns -- Time-dependent phenomena in nanoparticle assemblies / &#210;scar Iglesias -- Elementary excitations in magnetic nanoparticles probed with 57Fe nuclear magnetic resonance and M&#246;ssbauer spectroscopy / Michael Fardis [and six others] -- Magnetic properties of spinel ferrite nanoparticles : influence of the magnetic structure / Davide Peddis -- FePt films with graded anisotropy for magnetic recording / Th. Speliotis and D. Niarchos -- Fabrication of patterned nanoparticle assemblies via lithography / Gang Chen -- Magnetic behavior of composite nanoparticle assemblies / Marianna Vasilakaki, George Margaris, and Kalliopi N. Trohidou.</subfield></datafield><datafield ind1=" " ind2=" " tag="506"><subfield code="a">Access restricted to authorized users and institutions.</subfield></datafield><datafield ind1=" " ind2=" " tag="596"><subfield code="a">44</subfield></datafield><datafield ind1=" " ind2="0" tag="650"><subfield code="a">Nanostructured materials</subfield><subfield code="x">Magnetic properties.</subfield></datafield><datafield ind1=" " ind2="0" tag="650"><subfield code="a">Magnetic materials.</subfield></datafield><datafield ind1="1" ind2=" " tag="700"><subfield code="a">Trohidou, Kalliopi N.,</subfield><subfield code="e">editor.</subfield></datafield><datafield ind1="4" ind2="0" tag="856"><subfield code="3">University of Alberta Access</subfield><subfield code="u">http://marc.crcnetbase.com/isbn/9789814411974</subfield><subfield code="z">(Unlimited Concurrent Users)</subfield></datafield><datafield ind1=" " ind2=" " tag="949"><subfield code="h">UAIN</subfield><subfield code="z">CRC</subfield></datafield><datafield ind1=" " ind2=" " tag="926"><subfield code="a">Internet Access</subfield><subfield code="w">LC</subfield><subfield code="c">1</subfield><subfield code="i">6712237-1001</subfield><subfield code="l">INTERNET</subfield><subfield code="m">UAINTERNET</subfield><subfield code="r">Y</subfield><subfield code="s">Y</subfield><subfield code="t">E-RESOURCE</subfield><subfield code="u">10/27/2014</subfield><subfield code="x">E-BOOK</subfield><subfield code="z">CRC</subfield></datafield></record>